%YAML 1.1
%TAG !u! tag:unity3d.com,2011:
--- !u!1 &312850955331175375
GameObject:
  m_ObjectHideFlags: 0
  m_CorrespondingSourceObject: {fileID: 0}
  m_PrefabInstance: {fileID: 0}
  m_PrefabAsset: {fileID: 0}
  serializedVersion: 6
  m_Component:
  - component: {fileID: 1546256661293757072}
  - component: {fileID: 888407141154430376}
  - component: {fileID: 4531950639832016422}
  - component: {fileID: 6105755300651848826}
  m_Layer: 9
  m_Name: MiniMapEnemy
  m_TagString: Untagged
  m_Icon: {fileID: 0}
  m_NavMeshLayer: 0
  m_StaticEditorFlags: 0
  m_IsActive: 1
--- !u!4 &1546256661293757072
Transform:
  m_ObjectHideFlags: 0
  m_CorrespondingSourceObject: {fileID: 0}
  m_PrefabInstance: {fileID: 0}
  m_PrefabAsset: {fileID: 0}
  m_GameObject: {fileID: 312850955331175375}
  m_LocalRotation: {x: -0, y: -0, z: -0, w: 1}
  m_LocalPosition: {x: 0, y: -0.90000004, z: 1}
  m_LocalScale: {x: 4, y: 1, z: 4}
  m_Children: []
  m_Father: {fileID: 4911019908267885259}
  m_RootOrder: 1
  m_LocalEulerAnglesHint: {x: 0, y: 0, z: 0}
--- !u!114 &888407141154430376
MonoBehaviour:
  m_ObjectHideFlags: 0
  m_CorrespondingSourceObject: {fileID: 0}
  m_PrefabInstance: {fileID: 0}
  m_PrefabAsset: {fileID: 0}
  m_GameObject: {fileID: 312850955331175375}
  m_Enabled: 1
  m_EditorHideFlags: 0
  m_Script: {fileID: 11500000, guid: 8233d90336aea43098adf6dbabd606a2, type: 3}
  m_Name: 
  m_EditorClassIdentifier: 
  m_MeshFormatVersion: 1
  m_Faces:
  - m_Indexes: 000000000100000002000000010000000300000002000000
    m_SmoothingGroup: 0
    m_Uv:
      m_UseWorldSpace: 0
      m_FlipU: 0
      m_FlipV: 0
      m_SwapUV: 0
      m_Fill: 1
      m_Scale: {x: 1, y: 1}
      m_Offset: {x: 0, y: 0}
      m_Rotation: 0
      m_Anchor: 9
    m_Material: {fileID: 0}
    m_SubmeshIndex: 0
    m_ManualUV: 0
    elementGroup: -1
    m_TextureGroup: -1
  - m_Indexes: 040000000500000006000000050000000700000006000000
    m_SmoothingGroup: 0
    m_Uv:
      m_UseWorldSpace: 0
      m_FlipU: 0
      m_FlipV: 0
      m_SwapUV: 0
      m_Fill: 1
      m_Scale: {x: 1, y: 1}
      m_Offset: {x: 0, y: 0}
      m_Rotation: 0
      m_Anchor: 9
    m_Material: {fileID: 0}
    m_SubmeshIndex: 0
    m_ManualUV: 0
    elementGroup: -1
    m_TextureGroup: -1
  - m_Indexes: 08000000090000000a000000090000000b0000000a000000
    m_SmoothingGroup: 0
    m_Uv:
      m_UseWorldSpace: 0
      m_FlipU: 0
      m_FlipV: 0
      m_SwapUV: 0
      m_Fill: 1
      m_Scale: {x: 1, y: 1}
      m_Offset: {x: 0, y: 0}
      m_Rotation: 0
      m_Anchor: 9
    m_Material: {fileID: 0}
    m_SubmeshIndex: 0
    m_ManualUV: 0
    elementGroup: -1
    m_TextureGroup: -1
  - m_Indexes: 0c0000000e0000000d000000
    m_SmoothingGroup: 0
    m_Uv:
      m_UseWorldSpace: 0
      m_FlipU: 0
      m_FlipV: 0
      m_SwapUV: 0
      m_Fill: 1
      m_Scale: {x: 1, y: 1}
      m_Offset: {x: 0, y: 0}
      m_Rotation: 0
      m_Anchor: 9
    m_Material: {fileID: 0}
    m_SubmeshIndex: 0
    m_ManualUV: 0
    elementGroup: -1
    m_TextureGroup: -1
  - m_Indexes: 0f0000001000000011000000
    m_SmoothingGroup: 0
    m_Uv:
      m_UseWorldSpace: 0
      m_FlipU: 0
      m_FlipV: 0
      m_SwapUV: 0
      m_Fill: 1
      m_Scale: {x: 1, y: 1}
      m_Offset: {x: 0, y: 0}
      m_Rotation: 0
      m_Anchor: 9
    m_Material: {fileID: 0}
    m_SubmeshIndex: 0
    m_ManualUV: 0
    elementGroup: -1
    m_TextureGroup: -1
  m_SharedVertices:
  - m_Vertices: 000000000900000011000000
  - m_Vertices: 010000000400000010000000
  - m_Vertices: 020000000b0000000c000000
  - m_Vertices: 03000000060000000e000000
  - m_Vertices: 05000000080000000f000000
  - m_Vertices: 070000000a0000000d000000
  m_SharedTextures: []
  m_Positions:
  - {x: 0, y: -0.125, z: 0.75}
  - {x: 0.75, y: -0.125, z: -0.75}
  - {x: 0, y: 0.125, z: 0.75}
  - {x: 0.75, y: 0.125, z: -0.75}
  - {x: 0.75, y: -0.125, z: -0.75}
  - {x: -0.75, y: -0.125, z: -0.75}
  - {x: 0.75, y: 0.125, z: -0.75}
  - {x: -0.75, y: 0.125, z: -0.75}
  - {x: -0.75, y: -0.125, z: -0.75}
  - {x: 0, y: -0.125, z: 0.75}
  - {x: -0.75, y: 0.125, z: -0.75}
  - {x: 0, y: 0.125, z: 0.75}
  - {x: 0, y: 0.125, z: 0.75}
  - {x: -0.75, y: 0.125, z: -0.75}
  - {x: 0.75, y: 0.125, z: -0.75}
  - {x: -0.75, y: -0.125, z: -0.75}
  - {x: 0.75, y: -0.125, z: -0.75}
  - {x: 0, y: -0.125, z: 0.75}
  m_Textures0:
  - {x: 0.67082036, y: -0.125}
  - {x: -1.0062306, y: -0.125}
  - {x: 0.67082036, y: 0.125}
  - {x: -1.0062306, y: 0.125}
  - {x: 0.75, y: -0.125}
  - {x: -0.75, y: -0.125}
  - {x: 0.75, y: 0.125}
  - {x: -0.75, y: 0.125}
  - {x: 1.0062306, y: -0.125}
  - {x: -0.67082036, y: -0.125}
  - {x: 1.0062306, y: 0.125}
  - {x: -0.67082036, y: 0.125}
  - {x: 0, y: 0.75}
  - {x: -0.75, y: -0.75}
  - {x: 0.75, y: -0.75}
  - {x: 0.75, y: -0.75}
  - {x: -0.75, y: -0.75}
  - {x: 0, y: 0.75}
  m_Textures2: []
  m_Textures3: []
  m_Tangents:
  - {x: -0.44721362, y: 0, z: 0.89442724, w: -1}
  - {x: -0.44721362, y: 0, z: 0.89442724, w: -1}
  - {x: -0.44721362, y: 0, z: 0.89442724, w: -1}
  - {x: -0.44721362, y: 0, z: 0.89442724, w: -1}
  - {x: 1, y: 0, z: 0, w: -1}
  - {x: 1, y: 0, z: 0, w: -1}
  - {x: 1, y: 0, z: 0, w: -1}
  - {x: 1, y: 0, z: 0, w: -1}
  - {x: -0.44721362, y: 0, z: -0.89442724, w: -1}
  - {x: -0.44721362, y: 0, z: -0.89442724, w: -1}
  - {x: -0.44721362, y: 0, z: -0.89442724, w: -1}
  - {x: -0.44721362, y: 0, z: -0.89442724, w: -1}
  - {x: 1, y: 0, z: 0, w: -1}
  - {x: 1, y: 0, z: 0, w: -1}
  - {x: 1, y: 0, z: 0, w: -1}
  - {x: -1, y: 0, z: 0, w: -1}
  - {x: -1, y: 0, z: 0, w: -1}
  - {x: -1, y: 0, z: 0, w: -1}
  m_Colors: []
  m_UnwrapParameters:
    m_HardAngle: 88
    m_PackMargin: 20
    m_AngleError: 8
    m_AreaError: 15
  m_PreserveMeshAssetOnDestroy: 0
  assetGuid: 
  m_Mesh: {fileID: 0}
  m_IsSelectable: 1
  m_SelectedFaces: 
  m_SelectedEdges: []
  m_SelectedVertices: 
--- !u!23 &4531950639832016422
MeshRenderer:
  m_ObjectHideFlags: 0
  m_CorrespondingSourceObject: {fileID: 0}
  m_PrefabInstance: {fileID: 0}
  m_PrefabAsset: {fileID: 0}
  m_GameObject: {fileID: 312850955331175375}
  m_Enabled: 1
  m_CastShadows: 1
  m_ReceiveShadows: 1
  m_DynamicOccludee: 1
  m_MotionVectors: 1
  m_LightProbeUsage: 1
  m_ReflectionProbeUsage: 1
  m_RayTracingMode: 2
  m_RayTraceProcedural: 0
  m_RenderingLayerMask: 1
  m_RendererPriority: 0
  m_Materials:
  - {fileID: 2100000, guid: c5ffceb9359c12544b33915210df38c7, type: 2}
  m_StaticBatchInfo:
    firstSubMesh: 0
    subMeshCount: 0
  m_StaticBatchRoot: {fileID: 0}
  m_ProbeAnchor: {fileID: 0}
  m_LightProbeVolumeOverride: {fileID: 0}
  m_ScaleInLightmap: 1
  m_ReceiveGI: 1
  m_PreserveUVs: 0
  m_IgnoreNormalsForChartDetection: 0
  m_ImportantGI: 0
  m_StitchLightmapSeams: 1
  m_SelectedEditorRenderState: 2
  m_MinimumChartSize: 4
  m_AutoUVMaxDistance: 0.5
  m_AutoUVMaxAngle: 89
  m_LightmapParameters: {fileID: 0}
  m_SortingLayerID: 0
  m_SortingLayer: 0
  m_SortingOrder: 0
  m_AdditionalVertexStreams: {fileID: 0}
--- !u!33 &6105755300651848826
MeshFilter:
  m_ObjectHideFlags: 0
  m_CorrespondingSourceObject: {fileID: 0}
  m_PrefabInstance: {fileID: 0}
  m_PrefabAsset: {fileID: 0}
  m_GameObject: {fileID: 312850955331175375}
  m_Mesh: {fileID: 0}
--- !u!1 &1969239335145823415
GameObject:
  m_ObjectHideFlags: 0
  m_CorrespondingSourceObject: {fileID: 0}
  m_PrefabInstance: {fileID: 0}
  m_PrefabAsset: {fileID: 0}
  serializedVersion: 6
  m_Component:
  - component: {fileID: 4911019908267885259}
  - component: {fileID: 7556276721758306083}
  - component: {fileID: 3351684916894927548}
  m_Layer: 8
  m_Name: TankTurret
  m_TagString: Enemy
  m_Icon: {fileID: 0}
  m_NavMeshLayer: 0
  m_StaticEditorFlags: 0
  m_IsActive: 1
--- !u!4 &4911019908267885259
Transform:
  m_ObjectHideFlags: 0
  m_CorrespondingSourceObject: {fileID: 0}
  m_PrefabInstance: {fileID: 0}
  m_PrefabAsset: {fileID: 0}
  m_GameObject: {fileID: 1969239335145823415}
  m_LocalRotation: {x: 0, y: -0, z: -0, w: 1}
  m_LocalPosition: {x: 0, y: 1.1, z: 0}
  m_LocalScale: {x: 1, y: 1, z: 1}
  m_Children:
  - {fileID: 4881913393741764099}
  - {fileID: 1546256661293757072}
  m_Father: {fileID: 4170177108922405954}
  m_RootOrder: 1
  m_LocalEulerAnglesHint: {x: 0, y: 0, z: 0}
--- !u!33 &7556276721758306083
MeshFilter:
  m_ObjectHideFlags: 0
  m_CorrespondingSourceObject: {fileID: 0}
  m_PrefabInstance: {fileID: 0}
  m_PrefabAsset: {fileID: 0}
  m_GameObject: {fileID: 1969239335145823415}
  m_Mesh: {fileID: -476746044771901990, guid: 80fed32fc96341c4a80820358636674d, type: 3}
--- !u!23 &3351684916894927548
MeshRenderer:
  m_ObjectHideFlags: 0
  m_CorrespondingSourceObject: {fileID: 0}
  m_PrefabInstance: {fileID: 0}
  m_PrefabAsset: {fileID: 0}
  m_GameObject: {fileID: 1969239335145823415}
  m_Enabled: 1
  m_CastShadows: 1
  m_ReceiveShadows: 1
  m_DynamicOccludee: 1
  m_MotionVectors: 1
  m_LightProbeUsage: 1
  m_ReflectionProbeUsage: 1
  m_RayTracingMode: 2
  m_RayTraceProcedural: 0
  m_RenderingLayerMask: 1
  m_RendererPriority: 0
  m_Materials:
  - {fileID: 2100000, guid: 61ff7271674e0134e949c8c3432376ce, type: 2}
  - {fileID: 2100000, guid: 95e6d4ef3355c6f429fcc1348a71dc65, type: 2}
  m_StaticBatchInfo:
    firstSubMesh: 0
    subMeshCount: 0
  m_StaticBatchRoot: {fileID: 0}
  m_ProbeAnchor: {fileID: 0}
  m_LightProbeVolumeOverride: {fileID: 0}
  m_ScaleInLightmap: 1
  m_ReceiveGI: 1
  m_PreserveUVs: 0
  m_IgnoreNormalsForChartDetection: 0
  m_ImportantGI: 0
  m_StitchLightmapSeams: 1
  m_SelectedEditorRenderState: 3
  m_MinimumChartSize: 4
  m_AutoUVMaxDistance: 0.5
  m_AutoUVMaxAngle: 89
  m_LightmapParameters: {fileID: 0}
  m_SortingLayerID: 0
  m_SortingLayer: 0
  m_SortingOrder: 0
  m_AdditionalVertexStreams: {fileID: 0}
--- !u!1 &3242565770666189495
GameObject:
  m_ObjectHideFlags: 0
  m_CorrespondingSourceObject: {fileID: 0}
  m_PrefabInstance: {fileID: 0}
  m_PrefabAsset: {fileID: 0}
  serializedVersion: 6
  m_Component:
  - component: {fileID: 2860974128818976781}
  m_Layer: 8
  m_Name: GRFX
  m_TagString: Enemy
  m_Icon: {fileID: 0}
  m_NavMeshLayer: 0
  m_StaticEditorFlags: 0
  m_IsActive: 1
--- !u!4 &2860974128818976781
Transform:
  m_ObjectHideFlags: 0
  m_CorrespondingSourceObject: {fileID: 0}
  m_PrefabInstance: {fileID: 0}
  m_PrefabAsset: {fileID: 0}
  m_GameObject: {fileID: 3242565770666189495}
  m_LocalRotation: {x: 0, y: 0, z: 0, w: 1}
  m_LocalPosition: {x: 0, y: -0.2, z: 0}
  m_LocalScale: {x: 1, y: 1, z: 1}
  m_Children:
  - {fileID: 4170177108922405954}
  m_Father: {fileID: 6510427092858047062}
  m_RootOrder: 0
  m_LocalEulerAnglesHint: {x: 0, y: 0, z: 0}
--- !u!1 &5201966567365284504
GameObject:
  m_ObjectHideFlags: 0
  m_CorrespondingSourceObject: {fileID: 0}
  m_PrefabInstance: {fileID: 0}
  m_PrefabAsset: {fileID: 0}
  serializedVersion: 6
  m_Component:
  - component: {fileID: 4170177108922405954}
  m_Layer: 8
  m_Name: TankRenderers
  m_TagString: Enemy
  m_Icon: {fileID: 0}
  m_NavMeshLayer: 0
  m_StaticEditorFlags: 0
  m_IsActive: 1
--- !u!4 &4170177108922405954
Transform:
  m_ObjectHideFlags: 0
  m_CorrespondingSourceObject: {fileID: 0}
  m_PrefabInstance: {fileID: 0}
  m_PrefabAsset: {fileID: 0}
  m_GameObject: {fileID: 5201966567365284504}
  m_LocalRotation: {x: 0, y: -0, z: -0, w: 1}
  m_LocalPosition: {x: -0, y: 0, z: 0}
  m_LocalScale: {x: 1, y: 1, z: 1}
  m_Children:
  - {fileID: 2968232992424606226}
  - {fileID: 4911019908267885259}
  m_Father: {fileID: 2860974128818976781}
  m_RootOrder: 0
  m_LocalEulerAnglesHint: {x: 0, y: 0, z: 0}
--- !u!1 &6314706742144625721
GameObject:
  m_ObjectHideFlags: 0
  m_CorrespondingSourceObject: {fileID: 0}
  m_PrefabInstance: {fileID: 0}
  m_PrefabAsset: {fileID: 0}
  serializedVersion: 6
  m_Component:
  - component: {fileID: 2968232992424606226}
  - component: {fileID: 1536849747024499090}
  - component: {fileID: 185751513427813494}
  m_Layer: 8
  m_Name: TankChassis
  m_TagString: Enemy
  m_Icon: {fileID: 0}
  m_NavMeshLayer: 0
  m_StaticEditorFlags: 0
  m_IsActive: 1
--- !u!4 &2968232992424606226
Transform:
  m_ObjectHideFlags: 0
  m_CorrespondingSourceObject: {fileID: 0}
  m_PrefabInstance: {fileID: 0}
  m_PrefabAsset: {fileID: 0}
  m_GameObject: {fileID: 6314706742144625721}
  m_LocalRotation: {x: 0, y: -0, z: -0, w: 1}
  m_LocalPosition: {x: 0, y: 0, z: 0}
  m_LocalScale: {x: 1, y: 1, z: 1}
  m_Children:
  - {fileID: 2708411006795265017}
  - {fileID: 9107316744802317278}
  m_Father: {fileID: 4170177108922405954}
  m_RootOrder: 0
  m_LocalEulerAnglesHint: {x: 0, y: 0, z: 0}
--- !u!33 &1536849747024499090
MeshFilter:
  m_ObjectHideFlags: 0
  m_CorrespondingSourceObject: {fileID: 0}
  m_PrefabInstance: {fileID: 0}
  m_PrefabAsset: {fileID: 0}
  m_GameObject: {fileID: 6314706742144625721}
  m_Mesh: {fileID: 6815173180928607309, guid: 80fed32fc96341c4a80820358636674d, type: 3}
--- !u!23 &185751513427813494
MeshRenderer:
  m_ObjectHideFlags: 0
  m_CorrespondingSourceObject: {fileID: 0}
  m_PrefabInstance: {fileID: 0}
  m_PrefabAsset: {fileID: 0}
  m_GameObject: {fileID: 6314706742144625721}
  m_Enabled: 1
  m_CastShadows: 1
  m_ReceiveShadows: 1
  m_DynamicOccludee: 1
  m_MotionVectors: 1
  m_LightProbeUsage: 1
  m_ReflectionProbeUsage: 1
  m_RayTracingMode: 2
  m_RayTraceProcedural: 0
  m_RenderingLayerMask: 1
  m_RendererPriority: 0
  m_Materials:
  - {fileID: 2100000, guid: d89feb28d98f28e4887b937eab2072ba, type: 2}
  - {fileID: 2100000, guid: aed50e726cacae344a604ed6895a9177, type: 2}
  - {fileID: 2100000, guid: 61ff7271674e0134e949c8c3432376ce, type: 2}
  m_StaticBatchInfo:
    firstSubMesh: 0
    subMeshCount: 0
  m_StaticBatchRoot: {fileID: 0}
  m_ProbeAnchor: {fileID: 0}
  m_LightProbeVolumeOverride: {fileID: 0}
  m_ScaleInLightmap: 1
  m_ReceiveGI: 1
  m_PreserveUVs: 0
  m_IgnoreNormalsForChartDetection: 0
  m_ImportantGI: 0
  m_StitchLightmapSeams: 1
  m_SelectedEditorRenderState: 3
  m_MinimumChartSize: 4
  m_AutoUVMaxDistance: 0.5
  m_AutoUVMaxAngle: 89
  m_LightmapParameters: {fileID: 0}
  m_SortingLayerID: 0
  m_SortingLayer: 0
  m_SortingOrder: 0
  m_AdditionalVertexStreams: {fileID: 0}
--- !u!1 &6510427092858047080
GameObject:
  m_ObjectHideFlags: 0
  m_CorrespondingSourceObject: {fileID: 0}
  m_PrefabInstance: {fileID: 0}
  m_PrefabAsset: {fileID: 0}
  serializedVersion: 6
  m_Component:
  - component: {fileID: 6510427092858047062}
  - component: {fileID: 2775867686426631334}
  - component: {fileID: 7337411593785542218}
  - component: {fileID: 1928483362050437570}
  - component: {fileID: 1298135080752870051}
  - component: {fileID: 8595471123211796747}
  m_Layer: 8
  m_Name: EnemyTurret
  m_TagString: Enemy
  m_Icon: {fileID: 0}
  m_NavMeshLayer: 0
  m_StaticEditorFlags: 0
  m_IsActive: 1
--- !u!4 &6510427092858047062
Transform:
  m_ObjectHideFlags: 0
  m_CorrespondingSourceObject: {fileID: 0}
  m_PrefabInstance: {fileID: 0}
  m_PrefabAsset: {fileID: 0}
  m_GameObject: {fileID: 6510427092858047080}
  m_LocalRotation: {x: 0, y: 0, z: 0, w: 1}
  m_LocalPosition: {x: 0, y: 0, z: 0}
  m_LocalScale: {x: 1, y: 1, z: 1}
  m_Children:
  - {fileID: 2860974128818976781}
  m_Father: {fileID: 0}
  m_RootOrder: 0
  m_LocalEulerAnglesHint: {x: 0, y: 0, z: 0}
--- !u!114 &2775867686426631334
MonoBehaviour:
  m_ObjectHideFlags: 0
  m_CorrespondingSourceObject: {fileID: 0}
  m_PrefabInstance: {fileID: 0}
  m_PrefabAsset: {fileID: 0}
  m_GameObject: {fileID: 6510427092858047080}
  m_Enabled: 1
  m_EditorHideFlags: 0
  m_Script: {fileID: 11500000, guid: 150d22c3d1c7e1943b5eecf44f6a13f7, type: 3}
  m_Name: 
  m_EditorClassIdentifier: 
  stationary: 1
  movementSpeed: 0
  walkPointRange: 0
  groundLayer:
    serializedVersion: 2
    m_Bits: 0
--- !u!195 &7337411593785542218
NavMeshAgent:
  m_ObjectHideFlags: 0
  m_CorrespondingSourceObject: {fileID: 0}
  m_PrefabInstance: {fileID: 0}
  m_PrefabAsset: {fileID: 0}
  m_GameObject: {fileID: 6510427092858047080}
  m_Enabled: 0
  m_AgentTypeID: 0
  m_Radius: 1
  m_Speed: 1
  m_Acceleration: 8
  avoidancePriority: 50
  m_AngularSpeed: 120
  m_StoppingDistance: 5
  m_AutoTraverseOffMeshLink: 1
  m_AutoBraking: 1
  m_AutoRepath: 1
  m_Height: 2
  m_BaseOffset: 0
  m_WalkableMask: 0
  m_ObstacleAvoidanceType: 4
--- !u!65 &1928483362050437570
BoxCollider:
  m_ObjectHideFlags: 0
  m_CorrespondingSourceObject: {fileID: 0}
  m_PrefabInstance: {fileID: 0}
  m_PrefabAsset: {fileID: 0}
  m_GameObject: {fileID: 6510427092858047080}
  m_Material: {fileID: 0}
  m_IsTrigger: 0
  m_Enabled: 1
  serializedVersion: 2
  m_Size: {x: 2, y: 1.5, z: 1.5}
  m_Center: {x: 0, y: 1, z: 0}
--- !u!114 &1298135080752870051
MonoBehaviour:
  m_ObjectHideFlags: 0
  m_CorrespondingSourceObject: {fileID: 0}
  m_PrefabInstance: {fileID: 0}
  m_PrefabAsset: {fileID: 0}
  m_GameObject: {fileID: 6510427092858047080}
  m_Enabled: 1
  m_EditorHideFlags: 0
  m_Script: {fileID: 11500000, guid: d16fd81bf699f884c8dea5454cbd2a37, type: 3}
  m_Name: 
  m_EditorClassIdentifier: 
  radius: 10
  angle: 90
  targetRef: {fileID: 0}
  target: {fileID: 0}
  canSeeTarget: 0
  targetMask:
    serializedVersion: 2
    m_Bits: 64
  obstructionMask:
    serializedVersion: 2
    m_Bits: 393
  turnSmoothTime: 0.5
--- !u!114 &8595471123211796747
MonoBehaviour:
  m_ObjectHideFlags: 0
  m_CorrespondingSourceObject: {fileID: 0}
  m_PrefabInstance: {fileID: 0}
  m_PrefabAsset: {fileID: 0}
  m_GameObject: {fileID: 6510427092858047080}
  m_Enabled: 1
  m_EditorHideFlags: 0
  m_Script: {fileID: 11500000, guid: 61751a18df070a349a020cb849deaa27, type: 3}
  m_Name: 
  m_EditorClassIdentifier: 
  health: 1
  tankDebris: {fileID: 2308432337988186209, guid: 963cd76b448cbee409225e561c3be67e, type: 3}
  backWeakness: 0
--- !u!1 &9207939771799409100
GameObject:
  m_ObjectHideFlags: 0
  m_CorrespondingSourceObject: {fileID: 0}
  m_PrefabInstance: {fileID: 0}
  m_PrefabAsset: {fileID: 0}
  serializedVersion: 6
  m_Component:
  - component: {fileID: 4881913393741764099}
  - component: {fileID: 3005435516129155781}
  m_Layer: 8
  m_Name: Gun
  m_TagString: Enemy
  m_Icon: {fileID: 0}
  m_NavMeshLayer: 0
  m_StaticEditorFlags: 0
  m_IsActive: 1
--- !u!4 &4881913393741764099
Transform:
  m_ObjectHideFlags: 0
  m_CorrespondingSourceObject: {fileID: 0}
  m_PrefabInstance: {fileID: 0}
  m_PrefabAsset: {fileID: 0}
  m_GameObject: {fileID: 9207939771799409100}
  m_LocalRotation: {x: -0, y: -0, z: -0, w: 1}
  m_LocalPosition: {x: -0.000010459763, y: 0.6303588, z: 1.0253214}
  m_LocalScale: {x: 1, y: 1, z: 1}
  m_Children: []
  m_Father: {fileID: 4911019908267885259}
  m_RootOrder: 0
  m_LocalEulerAnglesHint: {x: 0, y: 0, z: 0}
--- !u!114 &3005435516129155781
MonoBehaviour:
  m_ObjectHideFlags: 0
  m_CorrespondingSourceObject: {fileID: 0}
  m_PrefabInstance: {fileID: 0}
  m_PrefabAsset: {fileID: 0}
  m_GameObject: {fileID: 9207939771799409100}
  m_Enabled: 1
  m_EditorHideFlags: 0
  m_Script: {fileID: 11500000, guid: 5a4a75c1df146dc4cb044b159bde7431, type: 3}
  m_Name: 
  m_EditorClassIdentifier: 
  projectile: {fileID: 1028965818278522328, guid: f8b6cac3482886549820c0abf5afe27e, type: 3}
  gun: {fileID: 4881913393741764099}
--- !u!1001 &3768078556687137877
PrefabInstance:
  m_ObjectHideFlags: 0
  serializedVersion: 2
  m_Modification:
    m_TransformParent: {fileID: 2968232992424606226}
    m_Modifications:
    - target: {fileID: 1287134552381214636, guid: cda3365f27f603146aba1445be8c9a7e, type: 3}
      propertyPath: m_RootOrder
      value: 0
      objectReference: {fileID: 0}
    - target: {fileID: 1287134552381214636, guid: cda3365f27f603146aba1445be8c9a7e, type: 3}
      propertyPath: m_LocalPosition.x
      value: 0.5
      objectReference: {fileID: 0}
    - target: {fileID: 1287134552381214636, guid: cda3365f27f603146aba1445be8c9a7e, type: 3}
      propertyPath: m_LocalPosition.y
      value: 1
      objectReference: {fileID: 0}
    - target: {fileID: 1287134552381214636, guid: cda3365f27f603146aba1445be8c9a7e, type: 3}
      propertyPath: m_LocalPosition.z
      value: 1
      objectReference: {fileID: 0}
    - target: {fileID: 1287134552381214636, guid: cda3365f27f603146aba1445be8c9a7e, type: 3}
      propertyPath: m_LocalRotation.w
      value: 1
      objectReference: {fileID: 0}
    - target: {fileID: 1287134552381214636, guid: cda3365f27f603146aba1445be8c9a7e, type: 3}
      propertyPath: m_LocalRotation.x
      value: -0
      objectReference: {fileID: 0}
    - target: {fileID: 1287134552381214636, guid: cda3365f27f603146aba1445be8c9a7e, type: 3}
      propertyPath: m_LocalRotation.y
      value: -0
      objectReference: {fileID: 0}
    - target: {fileID: 1287134552381214636, guid: cda3365f27f603146aba1445be8c9a7e, type: 3}
      propertyPath: m_LocalRotation.z
      value: -0
      objectReference: {fileID: 0}
    - target: {fileID: 1287134552381214636, guid: cda3365f27f603146aba1445be8c9a7e, type: 3}
      propertyPath: m_LocalEulerAnglesHint.x
      value: 0
      objectReference: {fileID: 0}
    - target: {fileID: 1287134552381214636, guid: cda3365f27f603146aba1445be8c9a7e, type: 3}
      propertyPath: m_LocalEulerAnglesHint.y
      value: 0
      objectReference: {fileID: 0}
    - target: {fileID: 1287134552381214636, guid: cda3365f27f603146aba1445be8c9a7e, type: 3}
      propertyPath: m_LocalEulerAnglesHint.z
      value: 0
      objectReference: {fileID: 0}
    - target: {fileID: 3265887722410053715, guid: cda3365f27f603146aba1445be8c9a7e, type: 3}
      propertyPath: m_Name
      value: HeadLight
      objectReference: {fileID: 0}
    - target: {fileID: 3265887722410053715, guid: cda3365f27f603146aba1445be8c9a7e, type: 3}
      propertyPath: m_Layer
      value: 8
      objectReference: {fileID: 0}
    - target: {fileID: 9146142240002675382, guid: cda3365f27f603146aba1445be8c9a7e, type: 3}
      propertyPath: m_Layer
      value: 8
      objectReference: {fileID: 0}
    m_RemovedComponents: []
  m_SourcePrefab: {fileID: 100100000, guid: cda3365f27f603146aba1445be8c9a7e, type: 3}
--- !u!4 &2708411006795265017 stripped
Transform:
  m_CorrespondingSourceObject: {fileID: 1287134552381214636, guid: cda3365f27f603146aba1445be8c9a7e, type: 3}
  m_PrefabInstance: {fileID: 3768078556687137877}
  m_PrefabAsset: {fileID: 0}
--- !u!1001 &8052262814262819954
PrefabInstance:
  m_ObjectHideFlags: 0
  serializedVersion: 2
  m_Modification:
    m_TransformParent: {fileID: 2968232992424606226}
    m_Modifications:
    - target: {fileID: 1287134552381214636, guid: cda3365f27f603146aba1445be8c9a7e, type: 3}
      propertyPath: m_RootOrder
      value: 1
      objectReference: {fileID: 0}
    - target: {fileID: 1287134552381214636, guid: cda3365f27f603146aba1445be8c9a7e, type: 3}
      propertyPath: m_LocalPosition.x
      value: -0.5
      objectReference: {fileID: 0}
    - target: {fileID: 1287134552381214636, guid: cda3365f27f603146aba1445be8c9a7e, type: 3}
      propertyPath: m_LocalPosition.y
      value: 1
      objectReference: {fileID: 0}
    - target: {fileID: 1287134552381214636, guid: cda3365f27f603146aba1445be8c9a7e, type: 3}
      propertyPath: m_LocalPosition.z
      value: 1
      objectReference: {fileID: 0}
    - target: {fileID: 1287134552381214636, guid: cda3365f27f603146aba1445be8c9a7e, type: 3}
      propertyPath: m_LocalRotation.w
      value: 1
      objectReference: {fileID: 0}
    - target: {fileID: 1287134552381214636, guid: cda3365f27f603146aba1445be8c9a7e, type: 3}
      propertyPath: m_LocalRotation.x
      value: 0
      objectReference: {fileID: 0}
    - target: {fileID: 1287134552381214636, guid: cda3365f27f603146aba1445be8c9a7e, type: 3}
      propertyPath: m_LocalRotation.y
      value: 0
      objectReference: {fileID: 0}
    - target: {fileID: 1287134552381214636, guid: cda3365f27f603146aba1445be8c9a7e, type: 3}
      propertyPath: m_LocalRotation.z
      value: 0
      objectReference: {fileID: 0}
    - target: {fileID: 1287134552381214636, guid: cda3365f27f603146aba1445be8c9a7e, type: 3}
      propertyPath: m_LocalEulerAnglesHint.x
      value: 0
      objectReference: {fileID: 0}
    - target: {fileID: 1287134552381214636, guid: cda3365f27f603146aba1445be8c9a7e, type: 3}
      propertyPath: m_LocalEulerAnglesHint.y
      value: 0
      objectReference: {fileID: 0}
    - target: {fileID: 1287134552381214636, guid: cda3365f27f603146aba1445be8c9a7e, type: 3}
      propertyPath: m_LocalEulerAnglesHint.z
      value: 0
      objectReference: {fileID: 0}
    - target: {fileID: 3265887722410053715, guid: cda3365f27f603146aba1445be8c9a7e, type: 3}
      propertyPath: m_Name
      value: HeadLight (1)
      objectReference: {fileID: 0}
    - target: {fileID: 3265887722410053715, guid: cda3365f27f603146aba1445be8c9a7e, type: 3}
      propertyPath: m_Layer
      value: 8
      objectReference: {fileID: 0}
    - target: {fileID: 9146142240002675382, guid: cda3365f27f603146aba1445be8c9a7e, type: 3}
      propertyPath: m_Layer
      value: 8
      objectReference: {fileID: 0}
    m_RemovedComponents: []
  m_SourcePrefab: {fileID: 100100000, guid: cda3365f27f603146aba1445be8c9a7e, type: 3}
--- !u!4 &9107316744802317278 stripped
Transform:
  m_CorrespondingSourceObject: {fileID: 1287134552381214636, guid: cda3365f27f603146aba1445be8c9a7e, type: 3}
  m_PrefabInstance: {fileID: 8052262814262819954}
  m_PrefabAsset: {fileID: 0}
